This file was created with JabRef 2.2.
Encoding: MacRoman

@article{alexander2009fast,
  title={Fast model-based estimation of ancestry in unrelated individuals},
  author={Alexander, David H and Novembre, John and Lange, Kenneth},
  journal={Genome research},
  volume={19},
  number={9},
  pages={1655--1664},
  year={2009},
  publisher={Cold Spring Harbor Lab}
}

@article{caye2016tess3,
  title={TESS3: fast inference of spatial population structure and genome scans for selection},
  author={Caye, Kevin and Deist, Timo M and Martins, Helena and Michel, Olivier and Fran{\c{c}}ois, Olivier},
  journal={Molecular ecology resources},
  volume={16},
  number={2},
  pages={540--548},
  year={2016},
  publisher={Wiley Online Library}
}

@article{frichot2015lea,
  title={LEA: an R package for landscape and ecological association studies},
  author={Frichot, Eric and Fran{\c{c}}ois, Olivier},
  journal={Methods in Ecology and Evolution},
  volume={6},
  number={8},
  pages={925--929},
  year={2015},
  publisher={Wiley Online Library}
}

@article{harrison1990hybrid,
  title={Hybrid zones: windows on evolutionary process.},
  author={Harrison, Richard G and others},
  journal={Oxford surveys in evolutionary biology},
  volume={7},
  pages={69--128},
  year={1990}
}

@article{maples2013rfmix,
  title={RFMix: a discriminative modeling approach for rapid and robust local-ancestry inference},
  author={Maples, Brian K and Gravel, Simon and Kenny, Eimear E and Bustamante, Carlos D},
  journal={The American Journal of Human Genetics},
  volume={93},
  number={2},
  pages={278--288},
  year={2013},
  publisher={Elsevier}
}

@article{martin2000,
  author = {Martin, Simon H., John W. Davey, and Chris D. Jiggins},
  title = {Evaluating the use of ABBAâ€“BABA statistics to locate introgressed loci.},
  journal = {Molecular biology and evolution},
  year = {2015},
  pages = {244--257}
}

@article{mcvean2009genealogical,
  title={A genealogical interpretation of principal components analysis},
  author={McVean, Gil},
  journal={PLoS genetics},
  volume={5},
  number={10},
  pages={e1000686},
  year={2009},
  publisher={Public Library of Science}
}

@article{pfeifer2017estimates,
  title={Estimates of Introgression as a Function of Pairwise Distances},
  author={Pfeifer, Bastian and Kapan, Durrell D},
  journal={bioRxiv},
  pages={154377},
  year={2017},
  publisher={Cold Spring Harbor Labs Journals}
}

@article{price2009sensitive,
  title={Sensitive detection of chromosomal segments of distinct ancestry in admixed populations},
  author={Price, Alkes L and Tandon, Arti and Patterson, Nick and Barnes, Kathleen C and Rafaels, Nicholas and Ruczinski, Ingo and Beaty, Terri H and Mathias, Rasika and Reich, David and Myers, Simon},
  journal={PLoS genetics},
  volume={5},
  number={6},
  pages={e1000519},
  year={2009},
  publisher={Public Library of Science}
}

@article{raj2014faststructure,
  title={fastSTRUCTURE: variational inference of population structure in large SNP data sets},
  author={Raj, Anil and Stephens, Matthew and Pritchard, Jonathan K},
  journal={Genetics},
  volume={197},
  number={2},
  pages={573--589},
  year={2014},
  publisher={Genetics Soc America}
}

@article{rosenzweig2016powerful,
  title={Powerful methods for detecting introgressed regions from population genomic data},
  author={Rosenzweig, Benjamin K and Pease, James B and Besansky, Nora J and Hahn, Matthew W},
  journal={Molecular ecology},
  volume={25},
  number={11},
  pages={2387--2397},
  year={2016},
  publisher={Wiley Online Library}
}

@article{suarez2016,
  author = {Suarez-Gonzalez, Adriana, et al.},
  title = {Genomic and functional approaches reveal a case of adaptive introgression 
  from Populus balsamifera (balsam poplar) in P. trichocarpa (black cottonwood).},
  journal = {Molecular Ecology},
  year = {2016},
  pages = {2427--2442}
}

@article{thornton2014local,
  title={Local and global ancestry inference and applications to genetic association analysis for admixed populations},
  author={Thornton, Timothy A and Bermejo, Justo Lorenzo},
  journal={Genetic epidemiology},
  volume={38},
  number={S1},
  year={2014},
  publisher={Wiley Online Library}
}

@article{yang2013efficient,
  title={Efficient inference of local ancestry},
  author={Yang, James J and Li, Jia and Buu, Anne and Williams, L Keoki},
  journal={Bioinformatics},
  volume={29},
  number={21},
  pages={2750--2756},
  year={2013},
  publisher={Oxford University Press}
}

@book{giraud2014introduction,
  title={Introduction to high-dimensional statistics},
  author={Giraud, Christophe},
  volume={138},
  year={2014},
  publisher={CRC Press}
}

